% https://ctan.org/pkg/biblatex
@misc{itsape,
  author  = {Arnold Sykosch},
  title   = {IT-Security Awareness Penetration Testing -- ITS.APT},
  howpublished = {Website},
  month   = jul,
  year    = 2015,
  note    = {\url{https://itsec.cs.uni-bonn.de/itsapt}},
  key     = "ITS.APE"
}
@misc{dotnet4_7_2,
  author  = {Preeti Krishna},
  title   = {Announcing the .NET Framework 4.7.2},
  howpublished = {Website},
  month   = apr,
  year    = 2018,
  note    = {\url{https://devblogs.microsoft.com/dotnet/announcing-the-net-framework-4-7-2/}},
  key     = "DotNET",
  shorthand = "NET"
}
@misc{opencv,
  author  = "{The OpenCV team}",
  title   = {OpenCV library},
  howpublished = {Website},
  month   = mar,
  year    = 2019,
  note    = {\url{https://opencv.org/}},
  shorthand = "OCV"
}
@misc{emgucv,
  author  = "{Canming Huang}",
  title   = {{Emgu CV: OpenCV in .NET (C\#, VB, C++ and more)}},
  howpublished = {Website},
  month   = dec,
  year    = 2018,
  note    = {\url{http://www.emgu.com/wiki/index.php/Emgu_CV}},
  key     = "EMGU",
  shorthand = "EMGU"
}
@misc{cuda,
  author  = "{NVIDIA Corporation}",
  title   = {CUDA Toolkit},
  howpublished = {Website},
  month   = mar,
  year    = 2019,
  note    = {\url{https://developer.nvidia.com/cuda-toolkit}},
  key     = "CUDA",
  shorthand = "CUDA"
}
@misc{virtualbox,
  author  = "{Oracle}",
  title   = {Oracle VM VirtualBox},
  howpublished = {Website},
  month   = mar,
  year    = 2019,
  note    = {\url{https://www.virtualbox.org/}},
  key     = "VirtualBox",
  shorthand = "VB"
}
@misc{opencv_downloads,
  author  = "{Slashdot Media}",
  title   = {OpenCV Download Statistics: All Files},
  howpublished = {Website},
  month   = mar,
  year    = 2019,
  note    = {\url{https://sourceforge.net/projects/opencvlibrary/files/stats/timeline}},
  shorthand = "CVDL19"
}
@misc{tensorflow,
  author  = "{Google Brain Team, Google LLC}",
  title   = {TensorFlow},
  howpublished = {Website},
  month   = mar,
  year    = 2019,
  note    = {\url{https://www.tensorflow.org/}},
  shorthand = "GTF"
}
@misc{vision_api,
  author  = "{Google LLC}",
  title   = {Vision API},
  howpublished = {Website},
  month   = mar,
  year    = 2019,
  note    = {\url{https://cloud.google.com/vision/}},
  shorthand = "GVAPI"
}
@misc{rekognition,
  author  = "{Amazon.com, Inc.}",
  title   = {Amazon Rekognition},
  howpublished = {Website},
  month   = mar,
  year    = 2019,
  note    = {\url{https://aws.amazon.com/de/rekognition/}},
  shorthand = "ARK"
}
@misc{statctr,
  author  = "{StatCounter}",
  title   = {Screen Resolution Stats Worldwide | StatCounter Global Stats},
  howpublished = {Website},
  month   = mar,
  year    = 2019,
  note    = {\url{http://gs.statcounter.com/screen-resolution-stats}},
  shorthand = "STCTR"
}
@misc{vlfeat,
  author  = "{The VLFeat Authors}",
  title   = {VLFeat - Home},
  howpublished = {Website},
  month   = mar,
  year    = 2019,
  note    = {\url{http://gs.statcounter.com/screen-resolution-stats}},
  shorthand = "VLF"
}
@inproceedings{ref_web-uis,
  author    = {Maxim Bakaev and Sebastian Heil and Vladimir Khvorostov and Martin Gaedke},
  title     = {{HCI} Vision for Automated Analysis and Mining of Web User Interfaces},
  booktitle = {{ICWE}},
  series    = {Lecture Notes in Computer Science},
  volume    = {10845},
  pages     = {136--144},
  publisher = {Springer},
  year      = {2018}
}
@INPROCEEDINGS{ref_spam-mails, 
  author    = {H. B. {Aradhye} and G. K. {Myers} and J. A. {Herson}},
  booktitle = {Eighth International Conference on Document Analysis and Recognition (ICDAR'05)},
  title     = {Image analysis for efficient categorization of image-based spam e-mail},
  pages     = {914-918 Vol. 2},
  doi       = {10.1109/ICDAR.2005.135},
  ISSN      = {1520-5363},
  month     = {Aug},
  year      = {2005}
}
@inproceedings{orb,
  author    = {Rublee, Ethan and Rabaud, Vincent and Konolige, Kurt and Bradski, Gary},
  title     = {ORB: An Efficient Alternative to SIFT or SURF},
  booktitle = {Proceedings of the 2011 International Conference on Computer Vision},
  series    = {ICCV '11},
  year      = {2011},
  isbn      = {978-1-4577-1101-5},
  pages     = {2564--2571},
  numpages  = {8},
  url       = {http://dx.doi.org/10.1109/ICCV.2011.6126544},
  doi       = {10.1109/ICCV.2011.6126544},
  acmid     = {2356268},
  publisher = {IEEE Computer Society},
  address   = {Washington, DC, USA},
}
@INPROCEEDINGS{orb_comparison, 
  author    = {S. A. K. {Tareen} and Z. {Saleem}},
  booktitle = {2018 International Conference on Computing, Mathematics and Engineering Technologies (iCoMET)},
  title     = {A comparative analysis of SIFT, SURF, KAZE, AKAZE, ORB, and BRISK},
  pages     = {1-10},
  doi       = {10.1109/ICOMET.2018.8346440},
  ISSN      = {},
  month     = {March},
  year      = {2018}
}
@InProceedings{fast,
  author    = {Rosten, Edward and Drummond, Tom},
  editor    = {Leonardis, Ale and Bischof, Horst and Pinz, Axel},
  title     = {Machine Learning for High-Speed Corner Detection},
  booktitle = {Computer Vision -- ECCV 2006},
  year      = {2006},
  publisher = {Springer Berlin Heidelberg},
  address   = {Berlin, Heidelberg},
  pages     = {430--443},
  isbn      = {978-3-540-33833-8}
}
@InProceedings{brief,
  author    = {Calonder, Michael and Lepetit, Vincent and Strecha, Christoph and Fua, Pascal},
  editor    = {Daniilidis, Kostas and Maragos, Petros and Paragios, Nikos},
  title     = {BRIEF: Binary Robust Independent Elementary Features},
  booktitle = {Computer Vision -- ECCV 2010},
  year      = {2010},
  publisher = {Springer Berlin Heidelberg},
  address   = {Berlin, Heidelberg},
  pages     = {778--792},
  isbn      = {978-3-642-15561-1}
}
@InProceedings{scale_pyramids,
  author    = {Klein, Georg and Murray, David},
  editor    = {Forsyth, David and Torr, Philip and Zisserman, Andrew},
  title     = {Improving the Agility of Keyframe-Based SLAM},
  booktitle = {Computer Vision -- ECCV 2008},
  year      = {2008},
  publisher = {Springer Berlin Heidelberg},
  address   = {Berlin, Heidelberg},
  pages     = {802--815},
  isbn      = {978-3-540-88688-4}
}
@INPROCEEDINGS{harris_corner,
  author    = {Chris Harris and Mike Stephens},
  title     = {A combined corner and edge detector},
  booktitle = {In Proc. of Fourth Alvey Vision Conference},
  year      = {1988},
  pages     = {147--151}
}
@article{intensity_centroids,
  author    = {Rosin, Paul L.},
  title     = {Measuring Corner Properties},
  journal   = {Comput. Vis. Image Underst.},
  volume    = {73},
  number    = {2},
  month     = feb,
  year      = {1999},
  issn      = {1077-3142},
  pages     = {291--307},
  publisher = {Elsevier Science Inc.},
  address   = {New York, NY, USA},
}
@Article{lowes_ratio,
  author    = {Lowe, David G.},
  title     = {Distinctive Image Features from Scale-Invariant Keypoints},
  journal   = {International Journal of Computer Vision},
  year      = {2004},
  month     = {Nov},
  volume    = {60},
  number    = {2},
  pages     = {91--110},
  issn      = {1573-1405}
}
@INPROCEEDINGS{flann,
  author = {Marius Muja and David G. Lowe},
  title = {Fast approximate nearest neighbors with automatic algorithm configuration},
  booktitle = {In VISAPP International Conference on Computer Vision Theory and Applications},
  year = {2009},
  pages = {331--340}
}
@article{ransac,
  author = {Fischler, Martin A. and Bolles, Robert C.},
  title = {Random Sample Consensus: A Paradigm for Model Fitting with Applications to Image Analysis and Automated Cartography},
  journal = {Commun. ACM},
  volume = {24},
  number = {6},
  month = jun,
  year = {1981},
  issn = {0001-0782},
  pages = {381--395}
}
@InProceedings{qa_image-rec,
  author="Mozgovoy, Maxim and Pyshkin, Evgeny",
  editor="Itsykson, Vladimir and Scedrov, Andre and Zakharov, Victor",
  title="Unity Application Testing Automation with Appium and Image Recognition",
  booktitle="Tools and Methods of Program Analysis",
  year="2018",
  publisher="Springer International Publishing",
  address="Cham",
  pages="139--150",
  isbn="978-3-319-71734-0"
}

